
    <record>
        <leader>03163naa a2200433 c 4500</leader>
        <controlfield tag="001">997044235903340</controlfield>
        <controlfield tag="005">20220818092317.0</controlfield>
        <controlfield tag="007">cr#|||||||||||</controlfield>
        <controlfield tag="008">220802s2022    ||||||||o|||||||||||eng|c</controlfield>
        <controlfield tag="009">AC16588551</controlfield>
        <datafield tag="024" ind1="7" ind2=" ">
            <subfield code="a">urn:nbn:at:at-ubl:3-12870</subfield>
            <subfield code="2">urn</subfield>
        </datafield>
        <datafield tag="024" ind1="7" ind2=" ">
            <subfield code="a">10.35011/icchp-aaate22-p1-14</subfield>
            <subfield code="2">doi</subfield>
        </datafield>
        <datafield tag="035" ind1=" " ind2=" ">
            <subfield code="a">(AT-OBV)AC16588551</subfield>
        </datafield>
        <datafield tag="035" ind1=" " ind2=" ">
            <subfield code="a">(VLID)7945388</subfield>
        </datafield>
        <datafield tag="035" ind1=" " ind2=" ">
            <subfield code="a">(DE-599)OBVAC16588551</subfield>
        </datafield>
        <datafield tag="035" ind1=" " ind2=" ">
            <subfield code="a">(EXLNZ-43ACC_NETWORK)99146901176003331</subfield>
        </datafield>
        <datafield tag="040" ind1=" " ind2=" ">
            <subfield code="a">AT-UBL</subfield>
            <subfield code="b">ger</subfield>
            <subfield code="d">AT-UBL</subfield>
            <subfield code="e">rda</subfield>
        </datafield>
        <datafield tag="041" ind1=" " ind2=" ">
            <subfield code="a">eng</subfield>
        </datafield>
        <datafield tag="044" ind1=" " ind2=" ">
            <subfield code="c">XA-AT</subfield>
        </datafield>
        <datafield tag="100" ind1="1" ind2=" ">
            <subfield code="a">Sponselee, Anne-mie</subfield>
            <subfield code="4">aut</subfield>
        </datafield>
        <datafield tag="245" ind1="1" ind2="0">
            <subfield code="a">Living at Home with Dementia</subfield>
            <subfield code="b">A Multi-Stakeholder Perspective on Challenges during the Night</subfield>
        </datafield>
        <datafield tag="251" ind1=" " ind2=" ">
            <subfield code="a">vor</subfield>
            <subfield code="2">coar</subfield>
        </datafield>
        <datafield tag="264" ind1=" " ind2="1">
            <subfield code="a">Linz</subfield>
            <subfield code="b">Association ICCHP</subfield>
            <subfield code="c">2022</subfield>
        </datafield>
        <datafield tag="300" ind1=" " ind2=" ">
            <subfield code="a">1 Online-Ressource (6 Seiten)</subfield>
        </datafield>
        <datafield tag="336" ind1=" " ind2=" ">
            <subfield code="b">txt</subfield>
        </datafield>
        <datafield tag="337" ind1=" " ind2=" ">
            <subfield code="b">c</subfield>
        </datafield>
        <datafield tag="338" ind1=" " ind2=" ">
            <subfield code="b">cr</subfield>
        </datafield>
        <datafield tag="347" ind1=" " ind2=" ">
            <subfield code="a">Textdatei</subfield>
            <subfield code="b">PDF</subfield>
        </datafield>
        <datafield tag="506" ind1="0" ind2=" ">
            <subfield code="f">Unrestricted online access</subfield>
            <subfield code="2">star</subfield>
        </datafield>
        <datafield tag="540" ind1=" " ind2=" ">
            <subfield code="f">CC BY 4.0</subfield>
            <subfield code="u">https://creativecommons.org/licenses/by/4.0/deed.de</subfield>
            <subfield code="2">cc</subfield>
        </datafield>
        <datafield tag="500" ind1=" " ind2=" ">
            <subfield code="a">Refereed/Peer-reviewed</subfield>
        </datafield>
        <datafield tag="520" ind1=" " ind2=" ">
            <subfield code="a">eng:An increasing number of people with dementia live at home, despite psychosocial and medical conditions, with an increasing burden for the informal caregivers as a result. Behavioural changes, such as wandering, sundowning, and agitation, are important predictors for caregiver burnout, with institutionalization of people with dementia as a result. The aim of this study was to gain insight into the challenges people with dementia living at home and their informal caregivers experience during the night, that can contribute to the development of technolog-ical interventions. Semi-structured interviews with people with dementia and their informal caregivers were combined with a focus group with formal caregiv-ers, resulting in an empathy map of people with dementia and their informal car-ers. Improving the knowledge about the importance of good sleep and opening up the discussion about sleep will increase the potential for tackling problems related to sleep for both people with dementia and their carers. Structure in day and night activities, both physical and mental, seem crucial for sleep quality. Also, a person-centred approach in dementia care is evident. Personal habits and behaviours of people suffering from dementia must be collected and well-docu-mented in time, and shared with those involved in determining the person-centred dementia care, and developing supportive technologies.</subfield>
        </datafield>
        <datafield tag="542" ind1=" " ind2=" ">
            <subfield code="f">© The Author(s) 2022</subfield>
        </datafield>
        <datafield tag="773" ind1="0" ind2="8">
            <subfield code="i">Enthalten in</subfield>
            <subfield code="t">ICCHP-AAATE 2022 Open Access Compendium "Assistive Technology, Accessibility and (e)Inclusion" Part I / Petz, Andrea ; Hoogerwerf, Evert-Jan ; Mavrou, Katerina</subfield>
            <subfield code="d">Linz : Association ICCHP, 2022</subfield>
            <subfield code="w">(AT-OBV)AC16588528</subfield>
            <subfield code="z">978-3-9504997-8-0</subfield>
            <subfield code="g">Seite 101-106</subfield>
        </datafield>
        <datafield tag="700" ind1="1" ind2=" ">
            <subfield code="a">Nieboer, Marianne</subfield>
            <subfield code="4">aut</subfield>
        </datafield>
        <datafield tag="700" ind1="1" ind2=" ">
            <subfield code="a">Brankaert, Rens</subfield>
            <subfield code="4">aut</subfield>
        </datafield>
        <datafield tag="856" ind1="4" ind2="0">
            <subfield code="m">V:AT-OBV;B:AT-UBL</subfield>
            <subfield code="o">OBV-EDOC-VL</subfield>
            <subfield code="q">text/html</subfield>
            <subfield code="u">https://resolver.obvsg.at/urn:nbn:at:at-ubl:3-12870</subfield>
            <subfield code="x">UBL</subfield>
            <subfield code="z">kostenfrei</subfield>
            <subfield code="3">Volltext</subfield>
        </datafield>
        <datafield tag="970" ind1="2" ind2=" ">
            <subfield code="d">OA-BOOKPART</subfield>
        </datafield>
        <datafield tag="970" ind1="9" ind2=" ">
            <subfield code="m">V:AT-OBV;B:AT-UBL</subfield>
            <subfield code="q">application/pdf</subfield>
            <subfield code="u">http://media.obvsg.at/AC16588551-2001</subfield>
            <subfield code="x">UBL</subfield>
            <subfield code="z">kostenfrei</subfield>
            <subfield code="3">Volltext</subfield>
        </datafield>
        <datafield tag="971" ind1="9" ind2=" ">
            <subfield code="a">Dementia / Sleep / Empathy Map / Gerontechnology</subfield>
        </datafield>
    </record>