
    <record>
        <leader>03562naa a2200433 c 4500</leader>
        <controlfield tag="001">997044236803340</controlfield>
        <controlfield tag="005">20220818092504.0</controlfield>
        <controlfield tag="007">cr#|||||||||||</controlfield>
        <controlfield tag="008">220802s2022    ||||||||o|||||||||||eng|c</controlfield>
        <controlfield tag="009">AC16588561</controlfield>
        <datafield tag="024" ind1="7" ind2=" ">
            <subfield code="a">urn:nbn:at:at-ubl:3-13022</subfield>
            <subfield code="2">urn</subfield>
        </datafield>
        <datafield tag="024" ind1="7" ind2=" ">
            <subfield code="a">10.35011/icchp-aaate22-p1-29</subfield>
            <subfield code="2">doi</subfield>
        </datafield>
        <datafield tag="035" ind1=" " ind2=" ">
            <subfield code="a">(AT-OBV)AC16588561</subfield>
        </datafield>
        <datafield tag="035" ind1=" " ind2=" ">
            <subfield code="a">(VLID)7945403</subfield>
        </datafield>
        <datafield tag="035" ind1=" " ind2=" ">
            <subfield code="a">(DE-599)OBVAC16588561</subfield>
        </datafield>
        <datafield tag="035" ind1=" " ind2=" ">
            <subfield code="a">(EXLNZ-43ACC_NETWORK)99146901175603331</subfield>
        </datafield>
        <datafield tag="040" ind1=" " ind2=" ">
            <subfield code="a">AT-UBL</subfield>
            <subfield code="b">ger</subfield>
            <subfield code="d">AT-UBL</subfield>
            <subfield code="e">rda</subfield>
        </datafield>
        <datafield tag="041" ind1=" " ind2=" ">
            <subfield code="a">eng</subfield>
        </datafield>
        <datafield tag="044" ind1=" " ind2=" ">
            <subfield code="c">XA-AT</subfield>
        </datafield>
        <datafield tag="100" ind1="1" ind2=" ">
            <subfield code="a">Corcuff, Maëlle</subfield>
            <subfield code="4">aut</subfield>
        </datafield>
        <datafield tag="245" ind1="1" ind2="0">
            <subfield code="a">Knowledge Mobilization Strategies within a Municipality to Improve Accessibility of the Built Environment: A Research Protocol</subfield>
        </datafield>
        <datafield tag="251" ind1=" " ind2=" ">
            <subfield code="a">vor</subfield>
            <subfield code="2">coar</subfield>
        </datafield>
        <datafield tag="264" ind1=" " ind2="1">
            <subfield code="a">Linz</subfield>
            <subfield code="b">Association ICCHP</subfield>
            <subfield code="c">2022</subfield>
        </datafield>
        <datafield tag="300" ind1=" " ind2=" ">
            <subfield code="a">1 Online-Ressource (7 Seiten)</subfield>
        </datafield>
        <datafield tag="336" ind1=" " ind2=" ">
            <subfield code="b">txt</subfield>
        </datafield>
        <datafield tag="337" ind1=" " ind2=" ">
            <subfield code="b">c</subfield>
        </datafield>
        <datafield tag="338" ind1=" " ind2=" ">
            <subfield code="b">cr</subfield>
        </datafield>
        <datafield tag="347" ind1=" " ind2=" ">
            <subfield code="a">Textdatei</subfield>
            <subfield code="b">PDF</subfield>
        </datafield>
        <datafield tag="506" ind1="0" ind2=" ">
            <subfield code="f">Unrestricted online access</subfield>
            <subfield code="2">star</subfield>
        </datafield>
        <datafield tag="540" ind1=" " ind2=" ">
            <subfield code="f">CC BY 4.0</subfield>
            <subfield code="u">https://creativecommons.org/licenses/by/4.0/deed.de</subfield>
            <subfield code="2">cc</subfield>
        </datafield>
        <datafield tag="500" ind1=" " ind2=" ">
            <subfield code="a">Refereed/Peer-reviewed</subfield>
        </datafield>
        <datafield tag="520" ind1=" " ind2=" ">
            <subfield code="a">eng:Introduction: The increased number of people living with a disability and in urban areas makes it essential to create accessible and inclusive cities for all. Universal accessibility (UA) was recognized in 2006 by the United Nations Convention on the Rights of Persons with Disabilities. Municipalities play a key role in the implementation of accessible environments but are facing challenges. Adapted and effective knowledge mobilization (KM) strategies are necessary to foster implementation practices of accessible environments. However, we don’t know much about the strategies used by municipalities, as well as their effectiveness, to mobilize knowledge in the implementation of UA measures. Objective: This project aims to support the municipality of Quebec, Canada, in best practices of KM to improve the implementation of UA measures. Methods and analysis: A case study based on a realist evaluation and a participatory approach will be used. (1)A scoping review was conducted to document strategies used by other municipalities (2)Determinants of implementation will be documented by a questionnaire created from the CFIR. (3)Focus groups will be conducted to co-create KM interventions. The interventions will be implemented and monitored for 12 months. (4)The questionnaire will be retaken to assess the effects of the interventions. Results and discussion: findings of the scoping review outline importance of the involvement of all stakeholders, information sessions and interactive knowledge mobilization strategies to facilitate the implementation. Conclusion: KM strategies adapted to municipal context will actively facilitate the introduction of new evidence to change practices and behaviors regarding UA.</subfield>
        </datafield>
        <datafield tag="542" ind1=" " ind2=" ">
            <subfield code="f">© The Author(s) 2022</subfield>
        </datafield>
        <datafield tag="773" ind1="0" ind2="8">
            <subfield code="i">Enthalten in</subfield>
            <subfield code="t">ICCHP-AAATE 2022 Open Access Compendium "Assistive Technology, Accessibility and (e)Inclusion" Part I / Petz, Andrea ; Hoogerwerf, Evert-Jan ; Mavrou, Katerina</subfield>
            <subfield code="d">Linz : Association ICCHP, 2022</subfield>
            <subfield code="w">(AT-OBV)AC16588528</subfield>
            <subfield code="z">978-3-9504997-8-0</subfield>
            <subfield code="g">Seite 228-234</subfield>
        </datafield>
        <datafield tag="700" ind1="1" ind2=" ">
            <subfield code="a">Routhier, François</subfield>
            <subfield code="4">aut</subfield>
        </datafield>
        <datafield tag="700" ind1="1" ind2=" ">
            <subfield code="a">Lamontagne, Marie-Eve</subfield>
            <subfield code="4">aut</subfield>
        </datafield>
        <datafield tag="856" ind1="4" ind2="0">
            <subfield code="m">V:AT-OBV;B:AT-UBL</subfield>
            <subfield code="o">OBV-EDOC-VL</subfield>
            <subfield code="q">text/html</subfield>
            <subfield code="u">https://resolver.obvsg.at/urn:nbn:at:at-ubl:3-13022</subfield>
            <subfield code="x">UBL</subfield>
            <subfield code="z">kostenfrei</subfield>
            <subfield code="3">Volltext</subfield>
        </datafield>
        <datafield tag="970" ind1="2" ind2=" ">
            <subfield code="d">OA-BOOKPART</subfield>
        </datafield>
        <datafield tag="970" ind1="9" ind2=" ">
            <subfield code="m">V:AT-OBV;B:AT-UBL</subfield>
            <subfield code="q">application/pdf</subfield>
            <subfield code="u">http://media.obvsg.at/AC16588561-2001</subfield>
            <subfield code="x">UBL</subfield>
            <subfield code="z">kostenfrei</subfield>
            <subfield code="3">Volltext</subfield>
        </datafield>
        <datafield tag="971" ind1="9" ind2=" ">
            <subfield code="a">universal accessibility / design for all / municipality / knowledge mobilization</subfield>
        </datafield>
    </record>