
    <record>
        <leader>03294naa a2200469 c 4500</leader>
        <controlfield tag="001">997047727203340</controlfield>
        <controlfield tag="005">20220818090955.0</controlfield>
        <controlfield tag="007">cr#|||||||||||</controlfield>
        <controlfield tag="008">220809s2022    ||||||||o|||||||||||eng|c</controlfield>
        <controlfield tag="009">AC16591205</controlfield>
        <datafield tag="024" ind1="7" ind2=" ">
            <subfield code="a">urn:nbn:at:at-ubl:3-13561</subfield>
            <subfield code="2">urn</subfield>
        </datafield>
        <datafield tag="024" ind1="7" ind2=" ">
            <subfield code="a">10.35011/icchp-aaate22-p2-35</subfield>
            <subfield code="2">doi</subfield>
        </datafield>
        <datafield tag="035" ind1=" " ind2=" ">
            <subfield code="a">(AT-OBV)AC16591205</subfield>
        </datafield>
        <datafield tag="035" ind1=" " ind2=" ">
            <subfield code="a">(VLID)7956647</subfield>
        </datafield>
        <datafield tag="035" ind1=" " ind2=" ">
            <subfield code="a">(DE-599)OBVAC16591205</subfield>
        </datafield>
        <datafield tag="035" ind1=" " ind2=" ">
            <subfield code="a">(EXLNZ-43ACC_NETWORK)99146920455203331</subfield>
        </datafield>
        <datafield tag="040" ind1=" " ind2=" ">
            <subfield code="a">AT-UBL</subfield>
            <subfield code="b">ger</subfield>
            <subfield code="d">AT-UBL</subfield>
            <subfield code="e">rda</subfield>
        </datafield>
        <datafield tag="041" ind1=" " ind2=" ">
            <subfield code="a">eng</subfield>
        </datafield>
        <datafield tag="044" ind1=" " ind2=" ">
            <subfield code="c">XA-AT</subfield>
        </datafield>
        <datafield tag="100" ind1="1" ind2=" ">
            <subfield code="a">Sehrt, Jessica</subfield>
            <subfield code="4">aut</subfield>
        </datafield>
        <datafield tag="245" ind1="1" ind2="0">
            <subfield code="a">Designing an Accepted Look for an Assistive Robot</subfield>
        </datafield>
        <datafield tag="251" ind1=" " ind2=" ">
            <subfield code="a">vor</subfield>
            <subfield code="2">coar</subfield>
        </datafield>
        <datafield tag="264" ind1=" " ind2="1">
            <subfield code="a">Linz</subfield>
            <subfield code="b">Association ICCHP</subfield>
            <subfield code="c">2022</subfield>
        </datafield>
        <datafield tag="300" ind1=" " ind2=" ">
            <subfield code="a">1 Online-Ressource (7 Seiten)</subfield>
        </datafield>
        <datafield tag="336" ind1=" " ind2=" ">
            <subfield code="b">txt</subfield>
        </datafield>
        <datafield tag="337" ind1=" " ind2=" ">
            <subfield code="b">c</subfield>
        </datafield>
        <datafield tag="338" ind1=" " ind2=" ">
            <subfield code="b">cr</subfield>
        </datafield>
        <datafield tag="347" ind1=" " ind2=" ">
            <subfield code="a">Textdatei</subfield>
            <subfield code="b">PDF</subfield>
        </datafield>
        <datafield tag="506" ind1="0" ind2=" ">
            <subfield code="f">Unrestricted online access</subfield>
            <subfield code="2">star</subfield>
        </datafield>
        <datafield tag="540" ind1=" " ind2=" ">
            <subfield code="f">CC BY 4.0</subfield>
            <subfield code="u">https://creativecommons.org/licenses/by/4.0/deed.de</subfield>
            <subfield code="2">cc</subfield>
        </datafield>
        <datafield tag="500" ind1=" " ind2=" ">
            <subfield code="a">Refereed/Peer-reviewed</subfield>
        </datafield>
        <datafield tag="520" ind1=" " ind2=" ">
            <subfield code="a">eng: In this contribution, the participatory design process for a service robot to assist people in old age or with disabilities is presented. In order to provide the platform with an attractive and accepted embodiment, a three-stage approach with potential users is envisaged. This article reports the results of phase 1. Three models with different head and body shapes were evaluated by a younger and an older age group. They were exposed to 3D models they saw in the room through augmented reality glasses. A mixed methods design was chosen: Respondents were asked about each of the models by using open questions in a questionnaire. Additionally, they had to rate the robot in a semantic profile. The potential users preferred a design with a rounded body and an implied face. Tendencies could be seen towards different results in the age groups concerning colour and human likeness. Most people in the younger age group voted for a model with a less humanlike face, while in the older age group a high proportion also chose a model with a human face on a monitor. Changes such as a friendlier expression, a lower height of the robot and a rounder shape of the body seem to be necessary. Involving potential user groups in the process proves useful, as it provides deeper in-sight into their needs. Augmented reality evaluation promises to be a time and material saving method, but further research is needed to validate procedures and results.</subfield>
        </datafield>
        <datafield tag="542" ind1=" " ind2=" ">
            <subfield code="f">© The Author(s) 2022</subfield>
        </datafield>
        <datafield tag="773" ind1="0" ind2="8">
            <subfield code="i">Enthalten in</subfield>
            <subfield code="t">ICCHP-AAATE 2022 Open Access Compendium "Assistive Technology, Accessibility and (e)Inclusion" Part II / Petz, Andrea ; Hoogerwerf, Evert-Jan ; Mavrou, Katerina</subfield>
            <subfield code="d">Linz : Association ICCHP, 2022</subfield>
            <subfield code="z">978-3-9504997-8-0</subfield>
            <subfield code="g">Seite 278-284</subfield>
            <subfield code="w">(AT-OBV)AC16591231</subfield>
        </datafield>
        <datafield tag="700" ind1="1" ind2=" ">
            <subfield code="a">Ringwald, Marina</subfield>
            <subfield code="4">aut</subfield>
        </datafield>
        <datafield tag="700" ind1="1" ind2=" ">
            <subfield code="a">Klein, Barbara</subfield>
            <subfield code="4">aut</subfield>
        </datafield>
        <datafield tag="700" ind1="1" ind2=" ">
            <subfield code="a">Solis, Héctor</subfield>
            <subfield code="4">aut</subfield>
        </datafield>
        <datafield tag="700" ind1="1" ind2=" ">
            <subfield code="a">Umansky, Julian</subfield>
            <subfield code="4">aut</subfield>
        </datafield>
        <datafield tag="700" ind1="1" ind2=" ">
            <subfield code="a">Nauth, Peter</subfield>
            <subfield code="4">aut</subfield>
        </datafield>
        <datafield tag="856" ind1="4" ind2="0">
            <subfield code="m">V:AT-OBV;B:AT-UBL</subfield>
            <subfield code="o">OBV-EDOC-VL</subfield>
            <subfield code="q">text/html</subfield>
            <subfield code="u">https://resolver.obvsg.at/urn:nbn:at:at-ubl:3-13561</subfield>
            <subfield code="x">UBL</subfield>
            <subfield code="z">kostenfrei</subfield>
            <subfield code="3">Volltext</subfield>
        </datafield>
        <datafield tag="970" ind1="2" ind2=" ">
            <subfield code="d">OA-BOOKPART</subfield>
        </datafield>
        <datafield tag="970" ind1="9" ind2=" ">
            <subfield code="m">V:AT-OBV;B:AT-UBL</subfield>
            <subfield code="q">application/pdf</subfield>
            <subfield code="u">http://media.obvsg.at/AC16591205-2001</subfield>
            <subfield code="x">UBL</subfield>
            <subfield code="z">kostenfrei</subfield>
            <subfield code="3">Volltext</subfield>
        </datafield>
        <datafield tag="971" ind1="9" ind2=" ">
            <subfield code="a">Assistive Robot / Robot Design / Embodiment / Participatory Approach / Acceptance</subfield>
        </datafield>
    </record>