
    <record>
        <leader>04803naa a2200529 c 4500</leader>
        <controlfield tag="001">997047728303340</controlfield>
        <controlfield tag="005">20220818091209.0</controlfield>
        <controlfield tag="007">cr#|||||||||||</controlfield>
        <controlfield tag="008">220809s2022    ||||||||o|||||||||||eng|c</controlfield>
        <controlfield tag="009">AC16591202</controlfield>
        <datafield tag="024" ind1="7" ind2=" ">
            <subfield code="a">urn:nbn:at:at-ubl:3-13390</subfield>
            <subfield code="2">urn</subfield>
        </datafield>
        <datafield tag="024" ind1="7" ind2=" ">
            <subfield code="a">10.35011/icchp-aaate22-p2-18</subfield>
            <subfield code="2">doi</subfield>
        </datafield>
        <datafield tag="035" ind1=" " ind2=" ">
            <subfield code="a">(AT-OBV)AC16591202</subfield>
        </datafield>
        <datafield tag="035" ind1=" " ind2=" ">
            <subfield code="a">(VLID)7956624</subfield>
        </datafield>
        <datafield tag="035" ind1=" " ind2=" ">
            <subfield code="a">(DE-599)OBVAC16591202</subfield>
        </datafield>
        <datafield tag="035" ind1=" " ind2=" ">
            <subfield code="a">(EXLNZ-43ACC_NETWORK)99146920355903331</subfield>
        </datafield>
        <datafield tag="040" ind1=" " ind2=" ">
            <subfield code="a">AT-UBL</subfield>
            <subfield code="b">ger</subfield>
            <subfield code="d">AT-UBL</subfield>
            <subfield code="e">rda</subfield>
        </datafield>
        <datafield tag="041" ind1=" " ind2=" ">
            <subfield code="a">eng</subfield>
        </datafield>
        <datafield tag="044" ind1=" " ind2=" ">
            <subfield code="c">XA-AT</subfield>
        </datafield>
        <datafield tag="100" ind1="1" ind2=" ">
            <subfield code="a">Hendarwan, Harimat</subfield>
            <subfield code="4">aut</subfield>
        </datafield>
        <datafield tag="245" ind1="1" ind2="0">
            <subfield code="a">Situation of Assistive Technology Provision in Indonesia</subfield>
        </datafield>
        <datafield tag="251" ind1=" " ind2=" ">
            <subfield code="a">vor</subfield>
            <subfield code="2">coar</subfield>
        </datafield>
        <datafield tag="264" ind1=" " ind2="1">
            <subfield code="a">Linz</subfield>
            <subfield code="b">Association ICCHP</subfield>
            <subfield code="c">2022</subfield>
        </datafield>
        <datafield tag="300" ind1=" " ind2=" ">
            <subfield code="a">1 Online-Ressource (11 Seiten)</subfield>
        </datafield>
        <datafield tag="336" ind1=" " ind2=" ">
            <subfield code="b">txt</subfield>
        </datafield>
        <datafield tag="337" ind1=" " ind2=" ">
            <subfield code="b">c</subfield>
        </datafield>
        <datafield tag="338" ind1=" " ind2=" ">
            <subfield code="b">cr</subfield>
        </datafield>
        <datafield tag="347" ind1=" " ind2=" ">
            <subfield code="a">Textdatei</subfield>
            <subfield code="b">PDF</subfield>
        </datafield>
        <datafield tag="506" ind1="0" ind2=" ">
            <subfield code="f">Unrestricted online access</subfield>
            <subfield code="2">star</subfield>
        </datafield>
        <datafield tag="540" ind1=" " ind2=" ">
            <subfield code="f">CC BY 4.0</subfield>
            <subfield code="u">https://creativecommons.org/licenses/by/4.0/deed.de</subfield>
            <subfield code="2">cc</subfield>
        </datafield>
        <datafield tag="500" ind1=" " ind2=" ">
            <subfield code="a">Refereed/Peer-reviewed</subfield>
        </datafield>
        <datafield tag="520" ind1=" " ind2=" ">
            <subfield code="a">eng: Background: In Indonesia, slightly more than 9 percent (around 23.3 million individuals) of the Indonesian population experience disabilities and may require at least one form of Assistive Technology (AT). There is limited data on access to AT in Indonesia. The rapid Assistive Technology Assessment (rATA) Survey supported by WHO is a strategic contribution capturing the recent situa-tion of AT provision in Indonesia. Method: A crossectional household population-based survey. Cluster sampling was carried out in two stages. First is the random selection of geographic units and the second is a random selection of households within each selected geographic unit. Two provinces, eight districts/cities, 32 sub-districts, 96 villages and 288 RW (block/cluster) were selected. A simple random sample was used for each RW to select 14 households based on the list of households. No specific criteria and characteristics required to become a respondent. Survey data collection carried out using the Survey123 rATA 2020 application. Data collection was conducted in August to December 2021. Results: Total of 11.300 respondents as valid cases consisted of 46.7 % male and 53.3 % female from 72.7% urban and 27.4% rural areas. There are 32.1 % participants have “any difficulties” and 12.7% participants have ‘a lot of difficulty’ or ‘cannot do at all’. Prevalence of unmet need per level of functional difficulties and for the whole population were quite high. Proportions of different sources for assistive products highlights 74,5 % from private while 6.5 % from public, and 3.8 % from self-made. Proportions of different funding for assistive products explain 64.7 % from out of pocket, 28.2 % from friends/family compare with 3.8 % from government, 1.3 % from NGO, and 1.9 % from insurance. The highest proportions of different barriers to access for assistive products has cap-ture that 51.3 % participants can’t afford assistive products in Indonesia while 12.4 % has no support. Conclusion: Need of AT is increase with the increase of age. Contribution of government for AT is limited, which made people have to raised self-fund. Affordability of AT is remain a barrier for most people. The research has shown numbers of self-made AT, using local resource material with modest technology. Recommendation: All relevant stakeholder should develop new strategies to improve access to AT, advocate to governments and civil society the unmet needs for AT, provide data to help plan or prioritize AT provision, design and deliver interventions to improve access to AT, evaluate the effectiveness of efforts to strengthen access to AT, and measure progress towards AT targets.</subfield>
        </datafield>
        <datafield tag="542" ind1=" " ind2=" ">
            <subfield code="f">© The Author(s) 2022</subfield>
        </datafield>
        <datafield tag="773" ind1="0" ind2="8">
            <subfield code="i">Enthalten in</subfield>
            <subfield code="t">ICCHP-AAATE 2022 Open Access Compendium "Assistive Technology, Accessibility and (e)Inclusion" Part II / Petz, Andrea ; Hoogerwerf, Evert-Jan ; Mavrou, Katerina</subfield>
            <subfield code="d">Linz : Association ICCHP, 2022</subfield>
            <subfield code="z">978-3-9504997-8-0</subfield>
            <subfield code="g">Seite 136-146</subfield>
            <subfield code="w">(AT-OBV)AC16591231</subfield>
        </datafield>
        <datafield tag="700" ind1="1" ind2=" ">
            <subfield code="a">Syaripuddin, Muhamad</subfield>
            <subfield code="4">aut</subfield>
        </datafield>
        <datafield tag="700" ind1="1" ind2=" ">
            <subfield code="a">Sidik, Halik</subfield>
            <subfield code="4">aut</subfield>
        </datafield>
        <datafield tag="700" ind1="1" ind2=" ">
            <subfield code="a">Prastama, Erik</subfield>
            <subfield code="4">aut</subfield>
        </datafield>
        <datafield tag="700" ind1="1" ind2=" ">
            <subfield code="a">Kusumo Projo, Nucke Widowati</subfield>
            <subfield code="4">aut</subfield>
        </datafield>
        <datafield tag="700" ind1="0" ind2=" ">
            <subfield code="a">Nasrudin</subfield>
            <subfield code="4">aut</subfield>
        </datafield>
        <datafield tag="700" ind1="1" ind2=" ">
            <subfield code="a">Damanik, Jonna</subfield>
            <subfield code="4">aut</subfield>
        </datafield>
        <datafield tag="700" ind1="1" ind2=" ">
            <subfield code="a">Putri, Ida</subfield>
            <subfield code="4">aut</subfield>
        </datafield>
        <datafield tag="700" ind1="1" ind2=" ">
            <subfield code="a">Indriasih, Endang</subfield>
            <subfield code="4">aut</subfield>
        </datafield>
        <datafield tag="700" ind1="1" ind2=" ">
            <subfield code="a">Amannullah, Gantjang</subfield>
            <subfield code="4">aut</subfield>
        </datafield>
        <datafield tag="700" ind1="1" ind2=" ">
            <subfield code="a">Wijayanti Subronto, Yanri</subfield>
            <subfield code="4">aut</subfield>
        </datafield>
        <datafield tag="856" ind1="4" ind2="0">
            <subfield code="m">V:AT-OBV;B:AT-UBL</subfield>
            <subfield code="o">OBV-EDOC-VL</subfield>
            <subfield code="q">text/html</subfield>
            <subfield code="u">https://resolver.obvsg.at/urn:nbn:at:at-ubl:3-13390</subfield>
            <subfield code="x">UBL</subfield>
            <subfield code="z">kostenfrei</subfield>
            <subfield code="3">Volltext</subfield>
        </datafield>
        <datafield tag="970" ind1="2" ind2=" ">
            <subfield code="d">OA-BOOKPART</subfield>
        </datafield>
        <datafield tag="970" ind1="9" ind2=" ">
            <subfield code="m">V:AT-OBV;B:AT-UBL</subfield>
            <subfield code="q">application/pdf</subfield>
            <subfield code="u">http://media.obvsg.at/AC16591202-2001</subfield>
            <subfield code="x">UBL</subfield>
            <subfield code="z">kostenfrei</subfield>
            <subfield code="3">Volltext</subfield>
        </datafield>
        <datafield tag="971" ind1="9" ind2=" ">
            <subfield code="a">Assistive Technology (AT) / People with disabilities (PWDs) / rATA Survey / unmet need / WHO</subfield>
        </datafield>
    </record>