
    <record>
        <leader>03730naa a2200481 c 4500</leader>
        <controlfield tag="001">997047728403340</controlfield>
        <controlfield tag="005">20220818090906.0</controlfield>
        <controlfield tag="007">cr#|||||||||||</controlfield>
        <controlfield tag="008">220809s2022    ||||||||o|||||||||||eng|c</controlfield>
        <controlfield tag="009">AC16591201</controlfield>
        <datafield tag="024" ind1="7" ind2=" ">
            <subfield code="a">urn:nbn:at:at-ubl:3-13263</subfield>
            <subfield code="2">urn</subfield>
        </datafield>
        <datafield tag="024" ind1="7" ind2=" ">
            <subfield code="a">10.35011/icchp-aaate22-p2-05</subfield>
            <subfield code="2">doi</subfield>
        </datafield>
        <datafield tag="035" ind1=" " ind2=" ">
            <subfield code="a">(AT-OBV)AC16591201</subfield>
        </datafield>
        <datafield tag="035" ind1=" " ind2=" ">
            <subfield code="a">(VLID)7956592</subfield>
        </datafield>
        <datafield tag="035" ind1=" " ind2=" ">
            <subfield code="a">(DE-599)OBVAC16591201</subfield>
        </datafield>
        <datafield tag="035" ind1=" " ind2=" ">
            <subfield code="a">(EXLNZ-43ACC_NETWORK)99146920455403331</subfield>
        </datafield>
        <datafield tag="040" ind1=" " ind2=" ">
            <subfield code="a">AT-UBL</subfield>
            <subfield code="b">ger</subfield>
            <subfield code="d">AT-UBL</subfield>
            <subfield code="e">rda</subfield>
        </datafield>
        <datafield tag="041" ind1=" " ind2=" ">
            <subfield code="a">eng</subfield>
        </datafield>
        <datafield tag="044" ind1=" " ind2=" ">
            <subfield code="c">XA-AT</subfield>
        </datafield>
        <datafield tag="100" ind1="1" ind2=" ">
            <subfield code="a">Pellichero, Alice</subfield>
            <subfield code="4">aut</subfield>
        </datafield>
        <datafield tag="245" ind1="1" ind2="0">
            <subfield code="a">Clinical Applicability of the COMET Intervention</subfield>
        </datafield>
        <datafield tag="251" ind1=" " ind2=" ">
            <subfield code="a">vor</subfield>
            <subfield code="2">coar</subfield>
        </datafield>
        <datafield tag="264" ind1=" " ind2="1">
            <subfield code="a">Linz</subfield>
            <subfield code="b">Association ICCHP</subfield>
            <subfield code="c">2022</subfield>
        </datafield>
        <datafield tag="300" ind1=" " ind2=" ">
            <subfield code="a">1 Online-Ressource (6 Seiten)</subfield>
        </datafield>
        <datafield tag="336" ind1=" " ind2=" ">
            <subfield code="b">txt</subfield>
        </datafield>
        <datafield tag="337" ind1=" " ind2=" ">
            <subfield code="b">c</subfield>
        </datafield>
        <datafield tag="338" ind1=" " ind2=" ">
            <subfield code="b">cr</subfield>
        </datafield>
        <datafield tag="347" ind1=" " ind2=" ">
            <subfield code="a">Textdatei</subfield>
            <subfield code="b">PDF</subfield>
        </datafield>
        <datafield tag="506" ind1="0" ind2=" ">
            <subfield code="f">Unrestricted online access</subfield>
            <subfield code="2">star</subfield>
        </datafield>
        <datafield tag="540" ind1=" " ind2=" ">
            <subfield code="f">CC BY 4.0</subfield>
            <subfield code="u">https://creativecommons.org/licenses/by/4.0/deed.de</subfield>
            <subfield code="2">cc</subfield>
        </datafield>
        <datafield tag="500" ind1=" " ind2=" ">
            <subfield code="a">Refereed/Peer-reviewed</subfield>
        </datafield>
        <datafield tag="520" ind1=" " ind2=" ">
            <subfield code="a">eng: Objective: To evaluate the clinical applicability of the COMET (cog-nition, occupation, mobility, evaluation and training) intervention. Design: A case series was conducted. Participants: Adults who were being considered for PWC provision and who had been identified by an occupational therapist to benefit from a PWC training were included. Intervention: The COMET intervention a goal directed, client-centered and occupation-based, was provided to all participants. Outcome measures: Clinical applicability indicators were collected for: process, resources, management and treatment. Clinical outcomes included the Goal Achievement Scale (GAS), the Canadian Occupational Performance Measure (COPM), the Power Mobility Indoor Driving Impairment (PIDA) and the Wheelchair Skill Test (WST). Applicability indicators were evaluated as binary responses (‘successful/unsuccessful’). Results: Four females (62.5 ± 3.5 years) with cognitive impairment participated. Among the thirteen clinical applicability indicators defined, ten were successfully achieved. Indicators that did not meet the criteria for success were adherence rate, safety and treatment for the PIDA. Two of four participants completed all 5 sessions. Two adverse events were reported, with one minor injury. Related to treatment response, participants demonstrated better than expected results on the GAS and the COPM perfor-mance and satisfaction scores. All participants demonstrated improvement of more than 9% at the WST. Only two reported an improvement beyond 4% of the PIDA. Conclusions: With few modifications, the COMET intervention will be applicable in clinical practice. Individuals with complex cognitive and mobility impairment demonstrated abilities to learn PWC use. Further investigation of the COMET intervention is required to evaluate its efficacy.</subfield>
        </datafield>
        <datafield tag="542" ind1=" " ind2=" ">
            <subfield code="f">© The Author(s) 2022</subfield>
        </datafield>
        <datafield tag="773" ind1="0" ind2="8">
            <subfield code="i">Enthalten in</subfield>
            <subfield code="t">ICCHP-AAATE 2022 Open Access Compendium "Assistive Technology, Accessibility and (e)Inclusion" Part II / Petz, Andrea ; Hoogerwerf, Evert-Jan ; Mavrou, Katerina</subfield>
            <subfield code="d">Linz : Association ICCHP, 2022</subfield>
            <subfield code="z">978-3-9504997-8-0</subfield>
            <subfield code="g">Seite 36-41</subfield>
            <subfield code="w">(AT-OBV)AC16591231</subfield>
        </datafield>
        <datafield tag="700" ind1="1" ind2=" ">
            <subfield code="a">Best, Krista</subfield>
            <subfield code="4">aut</subfield>
        </datafield>
        <datafield tag="700" ind1="1" ind2=" ">
            <subfield code="a">Sorita, Éric</subfield>
            <subfield code="4">aut</subfield>
        </datafield>
        <datafield tag="700" ind1="1" ind2=" ">
            <subfield code="a">Archambault, Philippe</subfield>
            <subfield code="4">aut</subfield>
        </datafield>
        <datafield tag="700" ind1="1" ind2=" ">
            <subfield code="a">Demers, Louise</subfield>
            <subfield code="4">aut</subfield>
        </datafield>
        <datafield tag="700" ind1="1" ind2=" ">
            <subfield code="a">Rouault, Lucas</subfield>
            <subfield code="4">aut</subfield>
        </datafield>
        <datafield tag="700" ind1="1" ind2=" ">
            <subfield code="a">Routhier, François</subfield>
            <subfield code="4">aut</subfield>
        </datafield>
        <datafield tag="856" ind1="4" ind2="0">
            <subfield code="m">V:AT-OBV;B:AT-UBL</subfield>
            <subfield code="o">OBV-EDOC-VL</subfield>
            <subfield code="q">text/html</subfield>
            <subfield code="u">https://resolver.obvsg.at/urn:nbn:at:at-ubl:3-13263</subfield>
            <subfield code="x">UBL</subfield>
            <subfield code="z">kostenfrei</subfield>
            <subfield code="3">Volltext</subfield>
        </datafield>
        <datafield tag="970" ind1="2" ind2=" ">
            <subfield code="d">OA-BOOKPART</subfield>
        </datafield>
        <datafield tag="970" ind1="9" ind2=" ">
            <subfield code="m">V:AT-OBV;B:AT-UBL</subfield>
            <subfield code="q">application/pdf</subfield>
            <subfield code="u">http://media.obvsg.at/AC16591201-2001</subfield>
            <subfield code="x">UBL</subfield>
            <subfield code="z">kostenfrei</subfield>
            <subfield code="3">Volltext</subfield>
        </datafield>
        <datafield tag="971" ind1="9" ind2=" ">
            <subfield code="a">clinical applicability / power wheelchair / cognitive impairment</subfield>
        </datafield>
    </record>
</collection>